<?xml version="1.0" encoding="UTF-8"?><collection xmlns="http://www.loc.gov/MARC21/slim"><record><leader>00387nam--2200133-i-4500</leader><controlfield tag="001">000028790</controlfield><controlfield tag="002">20161230</controlfield><controlfield tag="005">20161230201037</controlfield><controlfield tag="008">060222s1000------------r-----000-0-eng-d</controlfield><datafield ind1=" " ind2=" " tag="080"><subfield code="a">621.375.826:621.397</subfield></datafield><datafield ind1=" " ind2=" " tag="100"><subfield code="a">Kingston, Robert H</subfield></datafield><datafield ind1=" " ind2=" " tag="245"><subfield code="a">Optical sources, detectors, and systems. fundamentals and applications</subfield></datafield><datafield ind1=" " ind2=" " tag="260"><subfield code="a">San Diego, Academic Press, 1995. Vii+198p</subfield></datafield><datafield ind1=" " ind2=" " tag="852"><subfield code="a">80571</subfield></datafield></record></collection>